<?xml version="1.0" encoding="UTF-8"?>
<collection xmlns:xsi="http://www.w3.org/2001/XMLSchema-instance" xsi:schemaLocation="http://www.loc.gov/MARC21/slim http://www.loc.gov/standards/marcxml/schema/MARC21slim.xsd" xmlns="http://www.loc.gov/MARC21/slim">
<record>
  <leader>01465cam a2200313   4500</leader>
  <controlfield tag="001">2980636</controlfield>
  <controlfield tag="003">NNC</controlfield>
  <controlfield tag="005">20130426004955.0</controlfield>
  <controlfield tag="008">901212r19681897iq            000 0 arar </controlfield>
  <datafield tag="010" ind1=" " ind2=" ">
    <subfield code="a">   76961406 </subfield>
  </datafield>
  <datafield tag="035" ind1=" " ind2=" ">
    <subfield code="a">(OCoLC)ocm22840027</subfield>
  </datafield>
  <datafield tag="035" ind1=" " ind2=" ">
    <subfield code="9">ASM7742CU</subfield>
  </datafield>
  <datafield tag="035" ind1=" " ind2=" ">
    <subfield code="a">(NNC)2980636</subfield>
  </datafield>
  <datafield tag="040" ind1=" " ind2=" ">
    <subfield code="a">DLC</subfield>
    <subfield code="c">WAU</subfield>
    <subfield code="d">WAU</subfield>
    <subfield code="d">ZCU</subfield>
  </datafield>
  <datafield tag="041" ind1="0" ind2=" ">
    <subfield code="a">arafre</subfield>
  </datafield>
  <datafield tag="050" ind1="0" ind2=" ">
    <subfield code="a">PJ7741.U55</subfield>
    <subfield code="b">A6 1968</subfield>
  </datafield>
  <datafield tag="100" ind1="0" ind2=" ">
    <subfield code="a">ʻUmārah ibn ʻAlī al-Ḥakamī,</subfield>
    <subfield code="d">1120 or 1121-1174.</subfield>
  </datafield>
  <datafield tag="245" ind1="1" ind2="0">
    <subfield code="a">Kitāb fīhi al-nukat al-ʻaṣrīyah fī akhbār al-wuzarāʾ al-Miṣrīyah,</subfield>
    <subfield code="c">taʾlīf Najm al-Dīn Abī Muḥammad ʻUmạrah ibn Abī al-Ḥasan al-Ḥakamī thumma al-Yamanī. Wa-fīhi qaṣāʾid min shiʻrihi wa-maqāṭīʻ min nathrih. Iʻtaná bi-taṣḥīḥihi Hartwīgh Daranburgh.</subfield>
  </datafield>
  <datafield tag="260" ind1=" " ind2=" ">
    <subfield code="a">Baghdād,</subfield>
    <subfield code="b">Maktabat al-Muthanná</subfield>
    <subfield code="c">[1968?]</subfield>
  </datafield>
  <datafield tag="300" ind1=" " ind2=" ">
    <subfield code="a">399, xvi p.</subfield>
    <subfield code="c">24 cm.</subfield>
  </datafield>
  <datafield tag="490" ind1="1" ind2=" ">
    <subfield code="a">Publications de lʾÉcole des langues orientales vivantes. 4e sér.,</subfield>
    <subfield code="v">v. 10</subfield>
  </datafield>
  <datafield tag="500" ind1=" " ind2=" ">
    <subfield code="a">Original t.p.: ʻOumâra du Yémen, sa vie et son oeuvre, par Hartwig Derenbourg.</subfield>
  </datafield>
  <datafield tag="500" ind1=" " ind2=" ">
    <subfield code="a">Pref. in French.</subfield>
  </datafield>
  <datafield tag="500" ind1=" " ind2=" ">
    <subfield code="a">Reprint of v. 1 of the ed. published in Paris, 1897.</subfield>
  </datafield>
  <datafield tag="504" ind1=" " ind2=" ">
    <subfield code="a">Includes bibliographical references.</subfield>
  </datafield>
  <datafield tag="700" ind1="1" ind2=" ">
    <subfield code="a">Derenbourg, Hartwig,</subfield>
    <subfield code="d">1844-1908.</subfield>
  </datafield>
  <datafield tag="740" ind1="0" ind2="1">
    <subfield code="a">Nukat al-ʻaṣrīyah fī akhbār al-wuzarāʾ al-Miṣrīyah.</subfield>
  </datafield>
  <datafield tag="830" ind1=" " ind2="0">
    <subfield code="a">Publications de l'École des langues orientales vivantes.</subfield>
    <subfield code="n">4. sér ;</subfield>
    <subfield code="v">v. 10.</subfield>
  </datafield>
  <datafield tag="955" ind1=" " ind2=" ">
    <subfield code="b">0036761249</subfield>
    <subfield code="d">glx</subfield>
    <subfield code="e">PJ7741.U55 A6 1968</subfield>
  </datafield>
</record>
</collection>